%% This BibTeX bibliography file was created using BibDesk.
%% http://bibdesk.sourceforge.net/


%% Created for XIAO LI at 2014-10-31 01:11:59 -0400 


%% Saved with string encoding Unicode (UTF-8) 


@comment{x-kbibtex-personnameformatting=<%l><, %f>}



@article{needle,
	Author = {Fukushima, Y and naemura, K},
	Date-Added = {2014-10-31 01:10:53 -0400},
	Date-Modified = {2014-10-31 01:11:51 -0400},
	Journal = {ROBOMECH Journal},
	Title = {Estimation of the Friction Force During the Needle Insertion Using the Disturbance Observer and the Recursive Least Square},
	Year = {2014}}

@article{analyScis,
	Author = {Fratu, A and Fratu, M},
	Date-Added = {2014-10-31 01:07:44 -0400},
	Date-Modified = {2014-10-31 01:08:38 -0400},
	Title = {Analytical Model of The Cutting Process With Scissors-Robot For Haptic Simulation}}

@article{laparoscissors,
	Author = {Yang, T and Xiong, L and Zhang, J and Yang, L},
	Date-Added = {2014-10-31 01:05:36 -0400},
	Date-Modified = {2014-10-31 01:07:03 -0400},
	Journal = {Biomedical Engineering and Informatics},
	Title = {Modeling Cutting Force of Laparoscopic Scissors},
	Year = {2010}}

@article{scissors,
	Author = {Mahvash, M and Voo, L and Kim, D and Jeung, K and Wainer, J and Okamura, A},
	Date-Added = {2014-10-31 01:03:22 -0400},
	Date-Modified = {2014-10-31 01:04:31 -0400},
	Journal = {IEEE Trans Biomed Eng},
	Title = {Modeling the Forces of Cutting with Scissors},
	Year = {2009}}

@article{friction,
	Author = {Berger, EJ},
	Date-Added = {2014-10-31 01:01:57 -0400},
	Date-Modified = {2014-10-31 01:02:21 -0400},
	Title = {Friction modeling for dynamic system simulation}}

@article{icra2013,
	Author = {Xia, T and Leonard, S and Kandaswamy, I and Blank, A and Whitcomb, L and Kazanzides, P},
	Date-Added = {2014-10-31 00:07:59 -0400},
	Date-Modified = {2014-10-31 00:08:53 -0400},
	Journal = {ICRA},
	Title = {Model-Based Telerobotic Control with Virtual Fixtures For Satellite Servcing Tasks},
	Year = {2013}}

@article{2012iros,
	Author = {Xia, T and Leonard, S and Deguet, A and Kazanzides, P},
	Date-Added = {2014-10-31 00:06:28 -0400},
	Date-Modified = {2014-10-31 00:07:48 -0400},
	Journal = {IROS},
	Title = {Augmented Reality Environment with Virtual Fixtures for Robotic Telemanipulation in Space},
	Year = {2012}}

@inproceedings{isha,
	Author = {Kandaswamy, I and Xia, T and Kazanzides, P},
	Date-Modified = {2014-10-31 00:06:09 -0400},
	Title = {Strategies and Models for Cutting Satellite Insulation in Telerobotic Servicing Missions}}

@inproceedings{forgetfactor,
	Author = {Vahidi, A. and Stefanopoulou, A. and Peng, H.},
	Title = {{Recursive Least Squares with Forgetting for Online Estimation of Vehicle Mass and Road Grade: Theory and Experiments}}}

@inproceedings{rls,
	Author = {Jia, Y},
	Title = {{Recursive Least Squares Estimation}}}
